@article{sims1980,
  title={Macroeconomics and reality},
  author={Sims, Christopher A},
  journal={Econometrica: journal of the Econometric Society},
  pages={1--48},
  year={1980},
  publisher={JSTOR}
}

@article{stock2001,
  title={Vector autoregressions},
  author={Stock, James H and Watson, Mark W},
  journal={Journal of Economic perspectives},
  volume={15},
  number={4},
  pages={101--115},
  year={2001}
}

@incollection{can2011,
  title={10. Bayesian VARs},
  author={Canova, Fabio},
  booktitle={Methods for Applied Macroeconomic Research},
  pages={373--417},
  year={2011},
  publisher={Princeton University Press}
}

@book{litter,
  title={Bayesian procedure for forecasting with vector autoregressions},
  author={Litterman, Robert B},
  year={1980},
  publisher={Massachusetts Institute of Technology}
}

@article{chama,
  title={Forecasting Key Macroeconomic Variables of the South African Economy Using Bayesian Variable Selection},
  author={Chama-Chiliba, Mirriam Chitalu and Gupta, Rangan and Nkambule, Nonophile and Tlotlego, Naomi and others},
  journal={Journal of Applied Sciences(Faisalabad)},
  volume={12},
  number={7},
  pages={645--652},
  year={2012},
  publisher={Asian Network for Scientific Information, 308-Lasani Town Sargodha Rd~.}
}
@article{sacak,
  title={Do BVAR Models Forecast Turkish GDP Better Than UVAR Models?},
  author={Sacakli-Sacildi, Irem},
  journal={Journal of Economics, Management and Trade},
  pages={259--268},
  year={2015}
}

@article{car2010,
  title={Forecasting Romanian GDP using a BVAR model},
  author={Caraiani, Petre and others},
  journal={Romanian Journal of Economic Forecasting},
  volume={13},
  number={4},
  pages={76--87},
  year={2010}
}

@article{greenwood,
  title={Probabilistic forecasting of output growth, inflation and the balance of trade in a GVAR framework},
  author={Greenwood-Nimmo, Matthew and Nguyen, Viet Hoang and Shin, Yongcheol},
  journal={Journal of Applied Econometrics},
  volume={27},
  number={4},
  pages={554--573},
  year={2012},
  publisher={Wiley Online Library}
}

@misc{mamo,
  title={Economic Growth and Inflation: A panel data analysis},
  author={Mamo, Fikirte},
  year={2012}
}


@article{azmi,
  title={An empirical analysis of the relationship between GDP and unemployment, interest rate and government spending},
  author={Azmi, Fata},
  journal={Interest Rate and Government Spending (June 10, 2013)},
  year={2013}
}

@article{nkomo,
  title={The impact of higher oil prices on Southern African countries},
  author={Nkomo, Joshua C},
  journal={Journal of Energy in Southern Africa},
  volume={17},
  number={1},
  pages={10--17},
  year={2006}
}

@article{trem,
  title={The "export-import" effect and economic growth},
  author={Tremblay, Rodrigue},
  journal={North American Review of Economics and Finance},
  volume={1},
  number={2},
  pages={241--252},
  year={1990},
  publisher={Elsevier}
}

@article{2015prior,
  title={Prior selection for vector autoregressions},
  author={Giannone, Domenico and Lenza, Michele and Primiceri, Giorgio E},
  journal={Review of Economics and Statistics},
  volume={97},
  number={2},
  pages={436--451},
  year={2015},
  publisher={The MIT Press}
}

@article{liew,
  title={Which lag length selection criteria should we employ?},
  author={Liew, Venus Khim-Sen},
  journal={Economics bulletin},
  volume={3},
  number={33},
  pages={1--9},
  year={2004}
}

@book{clark,
  title={Forecasting with small macroeconomic VARs in the presence of instabilities},
  author={Clark, Todd E and McCracken, Michael W},
  year={2008},
  publisher={Emerald Group Publishing Limited}
}

@article{gupta,
  title={Forecasting key US macroeconomic variables with a factor-augmented Qual VAR},
  author={Gupta, Rangan and Olson, Eric and Wohar, Mark E},
  journal={Journal of Forecasting},
  volume={36},
  number={6},
  pages={640--650},
  year={2017},
  publisher={Wiley Online Library}
}

@article{garnitz,
  title={Forecasting GDP all over the world using leading indicators based on comprehensive survey data},
  author={Garnitz, Johanna and Lehmann, Robert and Wohlrabe, Klaus},
  journal={Applied Economics},
  volume={51},
  number={54},
  pages={5802--5816},
  year={2019},
  publisher={Taylor \& Francis}
}

@article{van,
  title={The prominence of stationarity in time series forecasting},
  author={Van Greunen, Jan and Heymans, Andre and Van Heerden, Chris and Van Vuuren, Gary},
  journal={Studies in Economics and Econometrics},
  volume={38},
  number={1},
  pages={1--16},
  year={2014},
  publisher={Taylor \& Francis}
}

@article{aron2002,
  title={Interest rate effects on output: evidence from a GDP forecasting model for South Africa},
  author={Aron, Janine and Muellbauer, John},
  journal={IMF Staff papers},
  volume={49},
  number={1},
  pages={185--213},
  year={2002},
  publisher={Springer}
}

@article{cepni,
  title={Nowcasting and forecasting GDP in emerging markets using global financial and macroeconomic diffusion indexes},
  author={Cepni, Oguzhan and G{\"u}ney, I Ethem and Swanson, Norman R},
  journal={International Journal of Forecasting},
  volume={35},
  number={2},
  pages={555--572},
  year={2019},
  publisher={Elsevier}
}

@article{kabundi,
  title={Nowcasting real GDP growth in South Africa},
  author={Kabundi, Alain and Nel, Elmarie and Ruch, Franz and others},
  journal={Economic Research Southern Africa.[Working Paper, No. 581.] Pretoria: National Treasury of South Africa},
  year={2016}
}